<?xml version="1.0" encoding="UTF-8"?><collection xmlns="http://www.loc.gov/MARC21/slim"><record><leader>00549nam--2200169-i-4500</leader><controlfield tag="001">000027766</controlfield><controlfield tag="002">20161230</controlfield><controlfield tag="005">20161230201037</controlfield><controlfield tag="008">060222s1000------------r-----000-0-eng-d</controlfield><datafield ind1=" " ind2=" " tag="040"><subfield code="a">IFIN-HH</subfield></datafield><datafield ind1=" " ind2=" " tag="080"><subfield code="a">535.338.4(061.3):539.19(061.3)</subfield></datafield><datafield ind1="1" ind2=" " tag="110"><subfield code="a">Academy Of Sciences Of The Estonian Ssr</subfield></datafield><datafield ind1="1" ind2="0" tag="245"><subfield code="a">Xith european congress on molecular spectroscopy, tallinn, may 28 - june 1, 1973</subfield><subfield code="b">Abstracts</subfield></datafield><datafield ind1=" " ind2=" " tag="260"><subfield code="a">Tallinn</subfield><subfield code="b">Academy Of Sciences Of The Estonian Ssr</subfield><subfield code="c">1973</subfield></datafield><datafield ind1=" " ind2=" " tag="300"><subfield code="a">/PAG.DIF.</subfield></datafield><datafield ind1=" " ind2=" " tag="852"><subfield code="a">42485</subfield><subfield code="c">539.19</subfield></datafield><datafield ind1=" " ind2=" " tag="CAT"><subfield code="a">Sys</subfield><subfield code="c">20120713</subfield><subfield code="h">142143</subfield></datafield></record></collection>